@inproceedings{sel4,
  title={From {L3} to {seL4} what have we learnt in 20 years of {L4} microkernels?},
  author={Elphinstone, Kevin and Heiser, Gernot},
  booktitle={Proceedings of the Twenty-Fourth ACM Symposium on Operating Systems Principles},
  pages={133--150},
  year={2013}
}
